@book{HansPeterLuhn,
  author    = {Mehta, Dinesh P.; Sahni, Sartaj},
  publisher = {Chapman; Hall/CRC},
  title     = {Handbook Of Data Structures And Applications},
  year      = {2004}
}